<record><leader>00000cas a22000007a 4500</leader><controlfield tag="001">15068266</controlfield><controlfield tag="008">870114d19791981inucn ne      0    0eng d</controlfield><datafield ind1=" " ind2=" " tag="010"><subfield code="a">sn 87055061 </subfield></datafield><datafield ind1=" " ind2=" " tag="040"><subfield code="a">NPI</subfield><subfield code="b">eng</subfield><subfield code="c">NPI</subfield><subfield code="d">OCLCQ</subfield></datafield><datafield ind1=" " ind2=" " tag="042"><subfield code="a">msc</subfield></datafield><datafield ind1="0" ind2="0" tag="245"><subfield code="a">Starke County leader.</subfield></datafield><datafield ind1=" " ind2=" " tag="260"><subfield code="a">Knox, Ind. :</subfield><subfield code="b">Starke County Publishers,</subfield><subfield code="c">1979-1981.</subfield></datafield><datafield ind1=" " ind2=" " tag="310"><subfield code="a">Semiweekly (except holidays),</subfield><subfield code="b">July 1, 1980-May 14, 1981</subfield></datafield><datafield ind1=" " ind2=" " tag="321"><subfield code="a">Semiweekly,</subfield><subfield code="b">June 26-July 26, 1979</subfield></datafield><datafield ind1=" " ind2=" " tag="321"><subfield code="a">3 no. per week (except holidays),</subfield><subfield code="b">July 31, 1979-June 26, 1980</subfield></datafield><datafield ind1="0" ind2=" " tag="362"><subfield code="a">Vol. 1, no. 1 (June 26, 1979)-v. 2, no. 90 (May 14, 1981).</subfield></datafield><datafield ind1=" " ind2=" " tag="752"><subfield code="a">United States</subfield><subfield code="b">Indiana</subfield><subfield code="c">Starke</subfield><subfield code="d">Knox.</subfield></datafield><datafield ind1="0" ind2="4" tag="780"><subfield code="t">Republican (Knox, Ind.)</subfield><subfield code="w">(DLC)sn 87055060</subfield></datafield><datafield ind1="0" ind2="4" tag="780"><subfield code="t">Democrat (Knox, Ind.)</subfield><subfield code="w">(DLC)sn 87055062</subfield></datafield><datafield ind1="0" ind2="5" tag="780"><subfield code="t">News (Knox, Ind. : 1977)</subfield><subfield code="w">(DLC)sn 87055169</subfield></datafield><datafield ind1="0" ind2="0" tag="785"><subfield code="t">Leader (Knox, Ind.)</subfield><subfield code="w">(DLC)sn 83003563</subfield></datafield></record>